@book{Macroeconomics,
  author = {Matthias Doepke, Andreas Lehnert, Andrew Sellgren},
  edition = {1. ed.},
  publisher = {Chicago},
  title = {Macroeconomics},
  year = 1999
}

